<?xml version="1.0" encoding="UTF-8"?>
<record xmlns="http://www.loc.gov/MARC21/slim" xmlns:xsi="http://www.w3.org/2001/XMLSchema-instance" xsi:schemaLocation="http://www.loc.gov/MARC21/slim http://www.loc.gov/standards/marcxml/schema/MARC21slim.xsd">
<leader>00000cam a22      a 4500</leader>
<controlfield tag="001">001679826</controlfield>
<controlfield tag="003">NNU</controlfield>
<controlfield tag="005">20150106175256.0</controlfield>
<controlfield tag="008">861017s194u    le a     b    000 0bara d</controlfield>
<datafield tag="010" ind1=" " ind2=" ">
<subfield code="a">ne 66002067</subfield>
</datafield>
<datafield tag="035" ind1=" " ind2=" ">
<subfield code="a">(OCoLC)220023124</subfield>
<subfield code="z">(OCoLC)83191591</subfield>
</datafield>
<datafield tag="040" ind1=" " ind2=" ">
<subfield code="a">AU@</subfield>
<subfield code="b">eng</subfield>
<subfield code="c">AU@</subfield>
<subfield code="d">OCLCQ</subfield>
<subfield code="d">PAU</subfield>
<subfield code="d">OCLCO</subfield>
<subfield code="d">NNU</subfield>
</datafield>
<datafield tag="043" ind1=" " ind2=" ">
<subfield code="a">a-le---</subfield>
</datafield>
<datafield tag="050" ind1="0" ind2=" ">
<subfield code="a">PA4024.A7</subfield>
<subfield code="b">A38</subfield>
</datafield>
<datafield tag="082" ind1="0" ind2="4">
<subfield code="a">892.7/1/5</subfield>
<subfield code="2">19</subfield>
</datafield>
<datafield tag="100" ind1="1" ind2=" ">
<subfield code="6">880-01</subfield>
<subfield code="a">Ṣawāyā, Mikhāʼīl.</subfield>
</datafield>
<datafield tag="245" ind1="1" ind2="0">
<subfield code="6">880-02</subfield>
<subfield code="a">Sulaymān al-Bustānī wa-Ilyādhat Hūmīrūs /</subfield>
<subfield code="c">Mikhāʼīl Ṣawāyā.</subfield>
</datafield>
<datafield tag="260" ind1=" " ind2=" ">
<subfield code="6">880-03</subfield>
<subfield code="a">Bayrūt :</subfield>
<subfield code="b">Maktabat Ṣādir,</subfield>
<subfield code="c">[194-?]</subfield>
</datafield>
<datafield tag="300" ind1=" " ind2=" ">
<subfield code="a">184 p. :</subfield>
<subfield code="b">ill. ;</subfield>
<subfield code="c">20 cm.</subfield>
</datafield>
<datafield tag="504" ind1=" " ind2=" ">
<subfield code="a">Includes bibliographical references.</subfield>
</datafield>
<datafield tag="600" ind1="0" ind2="0">
<subfield code="a">Homer.</subfield>
<subfield code="t">Iliad.</subfield>
</datafield>
<datafield tag="600" ind1="1" ind2="0">
<subfield code="a">Bustānī, Sulaymān</subfield>
<subfield code="v">Biography.</subfield>
</datafield>
<datafield tag="600" ind1="0" ind2="0">
<subfield code="a">Homer</subfield>
<subfield code="x">Translations, Arabic.</subfield>
</datafield>
<datafield tag="880" ind1="1" ind2=" ">
<subfield code="6">100-01/</subfield>
<subfield code="a">صوايا، مخائيل.</subfield>
</datafield>
<datafield tag="880" ind1="1" ind2="0">
<subfield code="6">245-02/</subfield>
<subfield code="a">سليمان البستاني والياذة هوميروس /</subfield>
<subfield code="c">مخائيل صوايا.</subfield>
</datafield>
<datafield tag="880" ind1=" " ind2=" ">
<subfield code="6">260-03/</subfield>
<subfield code="a">بيروت :</subfield>
<subfield code="b">مكتبة صادر،</subfield>
<subfield code="c">[194-?]</subfield>
</datafield>
<datafield tag="OWN" ind1=" " ind2=" ">
<subfield code="a">GENERAL</subfield>
</datafield>
<datafield tag="AVA" ind1=" " ind2=" ">
<subfield code="a">NYU50</subfield>
<subfield code="b">BOBST</subfield>
<subfield code="c">Main Collection</subfield>
<subfield code="d">PA4024.A7 A38</subfield>
<subfield code="e">unavailable</subfield>
<subfield code="t">Unavailable</subfield>
<subfield code="f">1</subfield>
<subfield code="g">1</subfield>
<subfield code="h">N</subfield>
<subfield code="i">0</subfield>
<subfield code="j">MAIN</subfield>
<subfield code="k">0</subfield>
</datafield>
</record>
